<?xml version="1.0" encoding="UTF-8"?><collection xmlns="http://www.loc.gov/MARC21/slim"><record><leader>00496nam--2200169-i-4500</leader><controlfield tag="001">000045895</controlfield><controlfield tag="002">20161230</controlfield><controlfield tag="005">20161230201045</controlfield><controlfield tag="008">060222s1000------------r-----000-0-eng-d</controlfield><datafield ind1=" " ind2=" " tag="040"><subfield code="a">IFIN-HH</subfield></datafield><datafield ind1=" " ind2=" " tag="080"><subfield code="a">532.584:556.02(043)</subfield></datafield><datafield ind1="1" ind2=" " tag="100"><subfield code="a">Valioulis, Iraklis Anestis</subfield></datafield><datafield ind1="1" ind2="0" tag="245"><subfield code="a">Particle collisions and coalescence in fluids</subfield><subfield code="c">Iraklis anestis valioulis</subfield></datafield><datafield ind1=" " ind2=" " tag="260"><subfield code="a">Pasadena, California Insts.Of Technology, 1983,</subfield></datafield><datafield ind1=" " ind2=" " tag="300"><subfield code="a">XIII+239P</subfield></datafield><datafield ind1=" " ind2=" " tag="852"><subfield code="a">72210</subfield><subfield code="c">532</subfield></datafield><datafield ind1=" " ind2=" " tag="CAT"><subfield code="a">Sys</subfield><subfield code="c">20100723</subfield><subfield code="h">102853</subfield></datafield></record></collection>